@article{140505160511,
  author =		 "David Baraff",
  year =		 "2001",
  title =		 "Rigid Body Simulation",
  journal = "Online Siggraph '97 Course notes",
}
