@article{140505160108,
  author =		 "Nguyen-Tuong, D. and  Peters, J.",
  year =		 "2011",
  title =		 "Model Learning in Robotics: a Survey",
  journal =		 "Cognitive Processing",
}
